@book{cattaneo2019practical,
  title={A Practical Introduction to Regression Discontinuity Designs: Foundations},
  author={Cattaneo, Matias D and Idrobo, Nicol{\'a}s and Titiunik, Roc{\'\i}o},
  year={2019},
  publisher={Cambridge University Press}
}

@book{angrist2009mostly,
  title={Mostly Harmless Wconometrics: An Wmpiricist's Companion},
  author={Angrist, Joshua D and Pischke, J{\"o}rn-Steffen},
  year={2009},
  publisher={Princeton University Press}
}

@book{morgan2015counterfactuals,
  title={Counterfactuals and Causal Inference},
  author={Morgan, Stephen L and Winship, Christopher},
  year={2015},
  publisher={Cambridge University Press}
}

@book{ding2024first,
  title={A First Course in Causal Inference},
  author={Ding, Peng},
  year={2024},
  publisher={CRC Press}
}

@book{humphreys2023integrating,
  title={Integrated Inferences: Causal Models for Qualitative and Mixed-Method Research},
  author={Humphreys, Macartan and Jacobs, Alan M},
  year={2023},
  publisher={Cambridge University Press}
}

@book{imbens2015causal,
  title={Causal Inference in Statistics, Social, and Biomedical Sciences},
  author={Imbens, Guido W and Rubin, Donald B},
  year={2015},
  publisher={Cambridge University Press}
}

@book{gerber2012field,
  title={Field Experiments: Design, analysis, and interpretation},
  author={Gerber, Alan S and Green, Donald P},
  year={2012},
  publisher={W.W. Norton}
}

@book{lohr2021sampling,
  title={Sampling: Design and Analysis},
  author={Lohr, Sharon L},
  year={2021},
  publisher={Chapman and Hall/CRC}
}

@article{cinelli2024crash,
  title={A crash course in good and bad controls},
  author={Cinelli, Carlos and Forney, Andrew and Pearl, Judea},
  journal={Sociological Methods \& Research},
  volume={53},
  number={3},
  pages={1071--1104},
  year={2024},
  publisher={Sage Publications Sage CA: Los Angeles, CA}
}

@article{sekhon2009opiates,
  title={Opiates for the matches: Matching methods for causal inference},
  author={Sekhon, Jasjeet S},
  journal={Annual Review of Political Science},
  volume={12},
  number={1},
  pages={487--508},
  year={2009},
  publisher={Annual Reviews}
}

@article{caliendo2008some,
  title={Some practical guidance for the implementation of propensity score matching},
  author={Caliendo, Marco and Kopeinig, Sabine},
  journal={Journal of economic surveys},
  volume={22},
  number={1},
  pages={31--72},
  year={2008},
  publisher={Wiley Online Library}
}

@article{clarke2005phantom,
  title={The phantom menace: Omitted variable bias in econometric research},
  author={Clarke, Kevin A},
  journal={Conflict management and peace science},
  volume={22},
  number={4},
  pages={341--352},
  year={2005},
  publisher={SAGE Publications Sage UK: London, England}
}

@article{holland1986statistics,
  title={Statistics and causal inference},
  author={Holland, Paul W},
  journal={Journal of the American statistical Association},
  volume={81},
  number={396},
  pages={945--960},
  year={1986},
  publisher={Taylor \& Francis}
}

@article{lewbel2019identification,
  title={The identification zoo: Meanings of identification in econometrics},
  author={Lewbel, Arthur},
  journal={Journal of Economic Literature},
  volume={57},
  number={4},
  pages={835--903},
  year={2019},
  publisher={American Economic Association 2014 Broadway, Suite 305, Nashville, TN 37203-2425}
}

@article{samii2016causal,
  title={Causal empiricism in quantitative research},
  author={Samii, Cyrus},
  journal={The Journal of Politics},
  volume={78},
  number={3},
  pages={941--955},
  year={2016},
  publisher={University of Chicago Press Chicago, IL}
}

@article{aronow2016does,
  title={Does regression produce representative estimates of causal effects?},
  author={Aronow, Peter M and Samii, Cyrus},
  journal={American Journal of Political Science},
  volume={60},
  number={1},
  pages={250--267},
  year={2016},
  publisher={Wiley Online Library}
}

@article{angrist1996identification,
  title={Identification of causal effects using instrumental variables},
  author={Angrist, Joshua D and Imbens, Guido W and Rubin, Donald B},
  journal={Journal of the American statistical Association},
  volume={91},
  number={434},
  pages={444--455},
  year={1996},
  publisher={Taylor \& Francis}
}

@article{sovey2011instrumental,
  title={Instrumental variables estimation in political science: A readers’ guide},
  author={Sovey, Allison J and Green, Donald P},
  journal={American Journal of Political Science},
  volume={55},
  number={1},
  pages={188--200},
  year={2011},
  publisher={Wiley Online Library}
}

@article{bertrand2004much,
  title={How much should we trust differences-in-differences estimates?},
  author={Bertrand, Marianne and Duflo, Esther and Mullainathan, Sendhil},
  journal={The Quarterly journal of economics},
  volume={119},
  number={1},
  pages={249--275},
  year={2004},
  publisher={MIT Press}
}

@article{imbens2008regression,
  title={Regression discontinuity designs: A guide to practice},
  author={Imbens, Guido W and Lemieux, Thomas},
  journal={Journal of econometrics},
  volume={142},
  number={2},
  pages={615--635},
  year={2008},
  publisher={Elsevier}
}

@article{de2016misunderstandings,
  title={Misunderstandings about the regression discontinuity design in the study of close elections},
  author={De la Cuesta, Brandon and Imai, Kosuke},
  journal={Annual Review of Political Science},
  volume={19},
  number={1},
  pages={375--396},
  year={2016},
  publisher={Annual Reviews}
}

@article{gerber2012field,
  title={Field Experiments: Design, analysis, and interpretation},
  author={Gerber, Alan S and Green, Donald P},
  journal={(No Title)},
  year={2012}
}

@article{sinclair2012detecting,
  title={Detecting spillover effects: Design and analysis of multilevel experiments},
  author={Sinclair, Betsy and McConnell, Margaret and Green, Donald P},
  journal={American Journal of Political Science},
  volume={56},
  number={4},
  pages={1055--1069},
  year={2012},
  publisher={Wiley Online Library}
}

%% DAGS

@book{pearl2009causality,
  title={Causality},
  author={Pearl, Judea},
  year={2009},
  publisher={Cambridge University Press}
}


@article{Pearl1995frontdoor,
  author = {Pearl, Judea},
  title = {Causal diagrams for empirical research},
  journal = {Biometrika},
  year = {1995},
  volume = {82},
  number = {4},
  pages = {669--688},
  doi = {10.1093/biomet/82.4.669}
}

@article{Pearl1995docalculus,
  author = {Pearl, Judea},
  title = {Causal diagrams for empirical research},
  journal = {Biometrika},
  year = {1995},
  volume = {82},
  number = {4},
  pages = {669--688},
  doi = {10.1093/biomet/82.4.669}
}

@inproceedings{TianPearl2002id,
  author = {Tian, Jin and Pearl, Judea},
  title = {A General Identification Condition for Causal Effects},
  booktitle = {Proceedings of the Eighteenth National Conference on Artificial Intelligence (AAAI)},
  year = {2002},
  pages = {567--573}
}

@article{ShpitserPearl2006,
  author = {Shpitser, Ilya and Pearl, Judea},
  title = {Identification of Joint Interventional Distributions in Recursive Semi-Markovian Causal Models},
  journal = {Proceedings of the Twenty-First National Conference on Artificial Intelligence (AAAI)},
  year = {2006},
  pages = {1219--1226}
}

@book{HernanRobins2020,
  author = {Hernán, Miguel A. and Robins, James M.},
  title = {Causal Inference: What If},
  publisher = {Chapman & Hall/CRC},
  year = {2020},
  isbn = {9781420076172}
}

@article{OgburnVanderWeele2014,
  author = {Ogburn, Elizabeth L. and VanderWeele, Tyler J.},
  title = {Causal diagrams for interference},
  journal = {Statistical Science},
  year = {2014},
  volume = {29},
  number = {4},
  pages = {559--578},
  doi = {10.1214/14-STS501}
}

@article{BareinboimPearl2016,
  author = {Bareinboim, Elias and Pearl, Judea},
  title = {Causal inference and the data-fusion problem},
  journal = {Proceedings of the National Academy of Sciences},
  year = {2016},
  volume = {113},
  number = {27},
  pages = {7345--7352},
  doi = {10.1073/pnas.1510507113}
}

@article{RobinsGreenland1992,
  author = {Robins, James M. and Greenland, Sander},
  title = {Identifiability and exchangeability for direct and indirect effects},
  journal = {Epidemiology},
  year = {1992},
  volume = {3},
  number = {2},
  pages = {143--155},
  doi = {10.1097/00001648-199203000-00013}
}

@article{Pearl2001mediation,
  author = {Pearl, Judea},
  title = {Direct and Indirect Effects},
  journal = {Proceedings of the Seventeenth Conference on Uncertainty in Artificial Intelligence (UAI)},
  year = {2001},
  pages = {411--420}
}

@article{ImaiKeeleTingley2010,
  author = {Imai, Kosuke and Keele, Luke and Tingley, Dustin},
  title = {A General Approach to Causal Mediation Analysis},
  journal = {Psychological Methods},
  year = {2010},
  volume = {15},
  number = {4},
  pages = {309--334},
  doi = {10.1037/a0020761}
}

@article{cinelli2020making,
  title={Making sense of sensitivity: Extending omitted variable bias},
  author={Cinelli, Carlos and Hazlett, Chad},
  journal={Journal of the Royal Statistical Society Series B: Statistical Methodology},
  volume={82},
  number={1},
  pages={39--67},
  year={2020},
  publisher={Oxford University Press}
}

@article{gerber2008social,
  title={Social pressure and voter turnout: Evidence from a large-scale field experiment},
  author={Gerber, Alan S and Green, Donald P and Larimer, Christopher W},
  journal={American political Science review},
  volume={102},
  number={1},
  pages={33--48},
  year={2008},
  publisher={Cambridge University Press}
}

@article{fisher1936design,
  title={Design of experiments},
  author={Fisher, Ronald Aylmer},
  journal={British Medical Journal},
  volume={1},
  number={3923},
  pages={554},
  year={1936},
  publisher={BMJ Publishing Group}
}

@article{li2017general,
  title={General forms of finite population central limit theorems with applications to causal inference},
  author={Li, Xinran and Ding, Peng},
  journal={Journal of the American Statistical Association},
  volume={112},
  number={520},
  pages={1759--1769},
  year={2017},
  publisher={Taylor \& Francis}
}

@article{lin2013agnostic,
  title={Agnostic notes on regression adjustments to experimental data: Reexamining Freedman's critique},
  author={Lin, Winston},
  year={2013}
}

@article{athey2018exact,
  title={Exact p-values for network interference},
  author={Athey, Susan and Eckles, Dean and Imbens, Guido W},
  journal={Journal of the American Statistical Association},
  volume={113},
  number={521},
  pages={230--240},
  year={2018},
  publisher={Taylor \& Francis}
}

@article{ho2006randomization,
  title={Randomization inference with natural experiments: An analysis of ballot effects in the 2003 California recall election},
  author={Ho, Daniel E and Imai, Kosuke},
  journal={Journal of the American statistical association},
  volume={101},
  number={475},
  pages={888--900},
  year={2006},
  publisher={Taylor \& Francis}
}

@article{egami2023elements,
  title={Elements of external validity: Framework, design, and analysis},
  author={Egami, Naoki and Hartman, Erin},
  journal={American Political Science Review},
  volume={117},
  number={3},
  pages={1070--1088},
  year={2023}
}

@article{pashley2022block,
  title={Block what you can, except when you shouldn't},
  author={Pashley, Nicole E and Miratrix, Luke W},
  journal={Journal of Educational and Behavioral Statistics},
  volume={47},
  number={1},
  pages={69--100},
  year={2022},
  publisher={SAGE Publications Sage CA: Los Angeles, CA}
}

@article{cornfield1978symposium,
  title={Symposium on CHD prevention trials: design issues in testing life style intervention: randomization by group: a formal analysis},
  author={Cornfield, Jerome},
  journal={American journal of epidemiology},
  volume={108},
  number={2},
  pages={100--102},
  year={1978},
  publisher={Oxford University Press}
}

@article{wantchekon2003clientelism,
  title={Clientelism and voting behavior: Evidence from a field experiment in Benin},
  author={Wantchekon, Leonard},
  journal={World politics},
  volume={55},
  number={3},
  pages={399--422},
  year={2003},
  publisher={Cambridge University Press}
}

@article{offer2021adaptive,
  title={Adaptive experimental design: Prospects and applications in political science},
  author={Offer-Westort, Molly and Coppock, Alexander and Green, Donald P},
  journal={American Journal of Political Science},
  volume={65},
  number={4},
  pages={826--844},
  year={2021},
  publisher={Wiley Online Library}
}

@book{blair2023research,
  title={Research design in the social sciences: declaration, diagnosis, and redesign},
  author={Blair, Graeme and Coppock, Alexander and Humphreys, Macartan},
  year={2023},
  publisher={Princeton University Press}
}

@article{bloom1995minimum,
  title={Minimum detectable effects: A simple way to report the statistical power of experimental designs},
  author={Bloom, Howard S},
  journal={Evaluation review},
  volume={19},
  number={5},
  pages={547--556},
  year={1995},
  publisher={Sage Publications Sage CA: Thousand Oaks, CA}
}

@article{clingingsmith2009estimating,
  title={Estimating the impact of the Hajj: religion and tolerance in Islam's global gathering},
  author={Clingingsmith, David and Khwaja, Asim Ijaz and Kremer, Michael},
  journal={The Quarterly Journal of Economics},
  volume={124},
  number={3},
  pages={1133--1170},
  year={2009},
  publisher={MIT Press}
}

@article{titiunik2016drawing,
  title={Drawing your senator from a jar: Term length and legislative behavior},
  author={Titiunik, Rocio},
  journal={Political Science Research and Methods},
  volume={4},
  number={2},
  pages={293--316},
  year={2016},
  publisher={Cambridge University Press}
}

@article{arceneaux2005using,
  title={Using cluster randomized field experiments to study voting behavior},
  author={Arceneaux, Kevin},
  journal={The Annals of the American Academy of Political and Social Science},
  volume={601},
  number={1},
  pages={169--179},
  year={2005},
  publisher={Sage Publications Sage CA: Thousand Oaks, CA}
}

@article{blattman2009violence,
  title={From violence to voting: War and political participation in Uganda},
  author={Blattman, Christopher},
  journal={American political Science review},
  volume={103},
  number={2},
  pages={231--247},
  year={2009},
  publisher={Cambridge University Press}
}

@article{blattman2010consequences,
  title={The consequences of child soldiering},
  author={Blattman, Christopher and Annan, Jeannie},
  journal={The review of economics and statistics},
  volume={92},
  number={4},
  pages={882--898},
  year={2010},
  publisher={The MIT Press}
}

@article{lyall2009does,
  title={Does indiscriminate violence incite insurgent attacks? Evidence from Chechnya},
  author={Lyall, Jason},
  journal={Journal of Conflict Resolution},
  volume={53},
  number={3},
  pages={331--362},
  year={2009},
  publisher={Sage Publications Sage CA: Los Angeles, CA}
}

@article{diamond2013genetic,
  title={Genetic matching for estimating causal effects: A general multivariate matching method for achieving balance in observational studies},
  author={Diamond, Alexis and Sekhon, Jasjeet S},
  journal={Review of Economics and Statistics},
  volume={95},
  number={3},
  pages={932--945},
  year={2013},
  publisher={The MIT Press}
}

@article{hartman2018equivalence,
  title={An equivalence approach to balance and placebo tests},
  author={Hartman, Erin and Hidalgo, F Daniel},
  journal={American Journal of Political Science},
  volume={62},
  number={4},
  pages={1000--1013},
  year={2018},
  publisher={Wiley Online Library}
}

@article{imai2008misunderstandings,
  title={Misunderstandings between experimentalists and observationalists about causal inference},
  author={Imai, Kosuke and King, Gary and Stuart, Elizabeth A},
  journal={Journal of the Royal Statistical Society Series A: Statistics in Society},
  volume={171},
  number={2},
  pages={481--502},
  year={2008},
  publisher={Oxford University Press}
}

@article{stuart2010matching,
  title={Matching methods for causal inference: A review and a look forward},
  author={Stuart, Elizabeth A},
  journal={Statistical science: a review journal of the Institute of Mathematical Statistics},
  volume={25},
  number={1},
  pages={1},
  year={2010},
  publisher={NIH Public Access}
}

@article{hansen2004full,
  title={Full matching in an observational study of coaching for the SAT},
  author={Hansen, Ben B},
  journal={Journal of the American Statistical Association},
  volume={99},
  number={467},
  pages={609--618},
  year={2004},
  publisher={Taylor \& Francis}
}

@article{rosenbaum1989optimal,
  title={Optimal matching for observational studies},
  author={Rosenbaum, Paul R},
  journal={Journal of the American Statistical Association},
  volume={84},
  number={408},
  pages={1024--1032},
  year={1989},
  publisher={Taylor \& Francis}
}

@article{savje2021generalized,
  title={Generalized full matching},
  author={S{\"a}vje, Fredrik and Higgins, Michael J and Sekhon, Jasjeet S},
  journal={Political Analysis},
  volume={29},
  number={4},
  pages={423--447},
  year={2021},
  publisher={Cambridge University Press}
}

@article{rubin1973use,
  title={The use of matched sampling and regression adjustment to remove bias in observational studies},
  author={Rubin, Donald B},
  journal={Biometrics},
  pages={185--203},
  year={1973},
  publisher={JSTOR}
}

@article{abadie2022robust,
  title={Robust post-matching inference},
  author={Abadie, Alberto and Spiess, Jann},
  journal={Journal of the American Statistical Association},
  volume={117},
  number={538},
  pages={983--995},
  year={2022},
  publisher={Taylor \& Francis}
}

@article{ho2007matching,
  title={Matching as nonparametric preprocessing for reducing model dependence in parametric causal inference},
  author={Ho, Daniel E and Imai, Kosuke and King, Gary and Stuart, Elizabeth A},
  journal={Political analysis},
  volume={15},
  number={3},
  pages={199--236},
  year={2007},
  publisher={Cambridge University Press}
}

@article{rosenbaum2002sensitivity,
  title={Sensitivity to hidden bias},
  author={Rosenbaum, Paul R},
  journal={Observational studies},
  pages={105--170},
  year={2002},
  publisher={Springer}
}

@article{rosenbaum2004design,
  title={Design sensitivity in observational studies},
  author={Rosenbaum, Paul R},
  journal={Biometrika},
  volume={91},
  number={1},
  pages={153--164},
  year={2004},
  publisher={Oxford University Press}
}

@article{imbens2003sensitivity,
  title={Sensitivity to exogeneity assumptions in program evaluation},
  author={Imbens, Guido W},
  journal={American Economic Review},
  volume={93},
  number={2},
  pages={126--132},
  year={2003},
  publisher={American Economic Association}
}

@article{robins1994estimation,
  title={Estimation of regression coefficients when some regressors are not always observed},
  author={Robins, James M and Rotnitzky, Andrea and Zhao, Lue Ping},
  journal={Journal of the American statistical Association},
  volume={89},
  number={427},
  pages={846--866},
  year={1994},
  publisher={Taylor \& Francis}
}

@misc{chernozhukov2018double,
  title={Double/debiased machine learning for treatment and structural parameters},
  author={Chernozhukov, Victor and Chetverikov, Denis and Demirer, Mert and Duflo, Esther and Hansen, Christian and Newey, Whitney and Robins, James},
  year={2018},
  publisher={Oxford University Press Oxford, UK}
}

@article{newey1994large,
  title={Large sample estimation and hypothesis testing},
  author={Newey, Whitney K and McFadden, Daniel},
  journal={Handbook of econometrics},
  volume={4},
  pages={2111--2245},
  year={1994},
  publisher={Elsevier}
}

@article{khan2023adaptive,
  title={Adaptive normalization for IPW estimation},
  author={Khan, Samir and Ugander, Johan},
  journal={Journal of Causal Inference},
  volume={11},
  number={1},
  pages={20220019},
  year={2023},
  publisher={De Gruyter}
}

@article{zubizarreta2015stable,
  title={Stable weights that balance covariates for estimation with incomplete outcome data},
  author={Zubizarreta, Jos{\'e} R},
  journal={Journal of the American Statistical Association},
  volume={110},
  number={511},
  pages={910--922},
  year={2015},
  publisher={Taylor \& Francis}
}

@article{imai2014covariate,
  title={Covariate balancing propensity score},
  author={Imai, Kosuke and Ratkovic, Marc},
  journal={Journal of the Royal Statistical Society Series B: Statistical Methodology},
  volume={76},
  number={1},
  pages={243--263},
  year={2014},
  publisher={Oxford University Press}
}

@article{hainmueller2012entropy,
  title={Entropy balancing for causal effects: A multivariate reweighting method to produce balanced samples in observational studies},
  author={Hainmueller, Jens},
  journal={Political analysis},
  volume={20},
  number={1},
  pages={25--46},
  year={2012},
  publisher={Cambridge University Press}
}

@article{mercatanti2014debit,
  title={Do debit cards increase household spending? Evidence from a semiparametric causal analysis of a survey},
  author={Mercatanti, Andrea and Li, Fan},
  year={2014}
}

@article{imai2010identification,
author = {Kosuke Imai and Luke Keele and Teppei Yamamoto},
title = {{Identification, Inference and Sensitivity Analysis for Causal Mediation Effects}},
volume = {25},
journal = {Statistical Science},
number = {1},
pages = {51 -- 71},
year = {2010}
}


@article{broockman2016durably,
  title={Durably reducing transphobia: A field experiment on door-to-door canvassing},
  author={Broockman, David and Kalla, Joshua},
  journal={Science},
  volume={352},
  number={6282},
  pages={220--224},
  year={2016},
  publisher={American Association for the Advancement of Science}
}

@article{angrist1990lifetime,
  title={Lifetime earnings and the Vietnam era draft lottery: evidence from social security administrative records},
  author={Angrist, Joshua D},
  journal={The American Economic Review},
  pages={313--336},
  year={1990},
  publisher={JSTOR}
}


@article{stock2005asymptotic,
  title={Asymptotic distributions of instrumental variables statistics with many instruments},
  author={Stock, James and Yogo, Motohiro},
  journal={Identification and inference for econometric models: Essays in honor of Thomas Rothenberg},
  volume={6},
  pages={109--120},
  year={2005},
  publisher={Cambridge University Press Cambridge}
}

@article{angrist1996identification,
  title={Identification of causal effects using instrumental variables},
  author={Angrist, Joshua D and Imbens, Guido W and Rubin, Donald B},
  journal={Journal of the American statistical Association},
  volume={91},
  number={434},
  pages={444--455},
  year={1996},
  publisher={Taylor \& Francis}
}

% instruments

@article{kedagni2020generalized,
  title={Generalized instrumental inequalities: testing the instrumental variable independence assumption},
  author={K{\'e}dagni, D{\'e}sir{\'e} and Mourifi{\'e}, Ismael},
  journal={Biometrika},
  volume={107},
  number={3},
  pages={661--675},
  year={2020},
  publisher={Oxford University Press}
}

@article{balke1997bounds,
  title={Bounds on treatment effects from studies with imperfect compliance},
  author={Balke, Alexander and Pearl, Judea},
  journal={Journal of the American statistical Association},
  volume={92},
  number={439},
  pages={1171--1176},
  year={1997},
  publisher={Taylor \& Francis}
}

@article{cinelli2025omitted,
  title={An omitted variable bias framework for sensitivity analysis of instrumental variables},
  author={Cinelli, Carlos and Hazlett, Chad},
  journal={Biometrika},
  pages={asaf004},
  year={2025},
  publisher={Oxford University Press}
}

@article{lee2022valid,
  title={Valid t-ratio Inference for IV},
  author={Lee, David S and McCrary, Justin and Moreira, Marcelo J and Porter, Jack},
  journal={American Economic Review},
  volume={112},
  number={10},
  pages={3260--3290},
  year={2022},
  publisher={American Economic Association 2014 Broadway, Suite 305, Nashville, TN 37203}
}

@article{anderson1949estimation,
  title={Estimation of the parameters of a single equation in a complete system of stochastic equations},
  author={Anderson, Theodore W and Rubin, Herman},
  journal={The Annals of mathematical statistics},
  volume={20},
  number={1},
  pages={46--63},
  year={1949},
  publisher={Institute of Mathematical Statistics}
}

@article{pearl1995causal,
  title={Causal inference from indirect experiments},
  author={Pearl, Judea},
  journal={Artificial intelligence in medicine},
  volume={7},
  number={6},
  pages={561--582},
  year={1995},
  publisher={Elsevier}
}

@article{kitagawa2015test,
  title={A test for instrument validity},
  author={Kitagawa, Toru},
  journal={Econometrica},
  volume={83},
  number={5},
  pages={2043--2063},
  year={2015},
  publisher={Wiley Online Library}
}

@article{huber2015testing,
  title={Testing instrument validity for LATE identification based on inequality moment constraints},
  author={Huber, Martin and Mellace, Giovanni},
  journal={Review of Economics and Statistics},
  volume={97},
  number={2},
  pages={398--411},
  year={2015},
  publisher={The MIT Press}
}

@article{mellon2021rain,
  title={Rain, rain, go away: 194 potential exclusion-restriction violations for studies using weather as an instrumental variable},
  author={Mellon, Jonathan},
  journal={American Journal of Political Science},
  year={2021},
  publisher={Wiley Online Library}
}

@article{lal2024much,
  title={How much should we trust instrumental variable estimates in political science? Practical advice based on 67 replicated studies},
  author={Lal, Apoorva and Lockhart, Mackenzie and Xu, Yiqing and Zu, Ziwen},
  journal={Political Analysis},
  volume={32},
  number={4},
  pages={521--540},
  year={2024},
  publisher={Cambridge University Press}
}

@article{chernozhukov2008reduced,
  title={The reduced form: A simple approach to inference with weak instruments},
  author={Chernozhukov, Victor and Hansen, Christian},
  journal={Economics Letters},
  volume={100},
  number={1},
  pages={68--71},
  year={2008},
  publisher={Elsevier}
}

@article{olea2013robust,
  title={A robust test for weak instruments},
  author={Olea, Jos{\'e} Luis Montiel and Pflueger, Carolin},
  journal={Journal of Business \& Economic Statistics},
  volume={31},
  number={3},
  pages={358--369},
  year={2013},
  publisher={Taylor \& Francis}
}

@article{young2022consistency,
  title={Consistency without inference: Instrumental variables in practical application},
  author={Young, Alwyn},
  journal={European Economic Review},
  volume={147},
  pages={104112},
  year={2022},
  publisher={Elsevier}
}



% DID

@article{abadie2010synthetic,
  title={Synthetic control methods for comparative case studies: Estimating the effect of California's tobacco control program},
  author={Abadie, Alberto and Diamond, Alexis and Hainmueller, Jens},
  journal={Journal of the American statistical Association},
  volume={105},
  number={490},
  pages={493--505},
  year={2010},
  publisher={Taylor \& Francis}
}

@article{card1994minimum,
  title={Minimum Wages and Employment: A Case Study of the Fast-Food Industry in New Jersey and Pennsylvania.},
  author={Card, David and Krueger, Alan B},
  journal={American Economic Review},
  volume={84},
  number={4},
  year={1994}
}

@article{anzia2012election,
  title={The election timing effect: Evidence from a policy intervention in Texas},
  author={Anzia, Sarah F},
  journal={Quarterly Journal of Political Science},
  volume={7},
  number={3},
  pages={209--248},
  year={2012},
  publisher={Now Publishers, Inc.}
}

@article{muralidharan2017cycling,
  title={Cycling to school: Increasing secondary school enrollment for girls in India},
  author={Muralidharan, Karthik and Prakash, Nishith},
  journal={American Economic Journal: Applied Economics},
  volume={9},
  number={3},
  pages={321--350},
  year={2017},
  publisher={American Economic Association 2014 Broadway, Suite 305, Nashville, TN 37203-2425}
}

@article{paglayan2019public,
  title={Public-sector unions and the size of government},
  author={Paglayan, Agustina S},
  journal={American Journal of Political Science},
  volume={63},
  number={1},
  pages={21--36},
  year={2019},
  publisher={Wiley Online Library}
}

@article{malesky2014impact,
  title={The impact of recentralization on public services: A difference-in-differences analysis of the abolition of elected councils in Vietnam},
  author={Malesky, Edmund J and Nguyen, Cuong Viet and Tran, Anh},
  journal={American Political Science Review},
  volume={108},
  number={1},
  pages={144--168},
  year={2014},
  publisher={Cambridge University Press}
}

@article{goodman2021difference,
  title={Difference-in-differences with variation in treatment timing},
  author={Goodman-Bacon, Andrew},
  journal={Journal of econometrics},
  volume={225},
  number={2},
  pages={254--277},
  year={2021},
  publisher={Elsevier}
}

@article{chiu2023and,
  title={What to do (and not to do) with causal panel analysis under parallel trends: Lessons from a large reanalysis study},
  author={Chiu, Albert and Lan, Xingchen and Liu, Ziyi and Xu, Yiqing},
  journal={arXiv preprint arXiv:2309.15983},
  year={2023}
}

@article{baker2025difference,
  title={Difference-in-Differences Designs: A Practitioner's Guide},
  author={Baker, Andrew and Callaway, Brantly and Cunningham, Scott and Goodman-Bacon, Andrew and Sant'Anna, Pedro HC},
  journal={arXiv preprint arXiv:2503.13323},
  year={2025}
}

@article{mackinnon2018wild,
  title={The wild bootstrap for few (treated) clusters},
  author={MacKinnon, James G and Webb, Matthew D},
  journal={The Econometrics Journal},
  volume={21},
  number={2},
  pages={114--135},
  year={2018},
  publisher={Oxford University Press Oxford, UK}
}

@techreport{ferman2015inference,
  title={Inference in Differences-in-Differences with Different Group Sizes},
  author={Ferman, Bruno and Pinto, Cristine},
  year={2015},
  institution={Working Paper, October}
}

@article{ding2019bracketing,
  title={A bracketing relationship between difference-in-differences and lagged-dependent-variable adjustment},
  author={Ding, Peng and Li, Fan},
  journal={Political Analysis},
  volume={27},
  number={4},
  pages={605--615},
  year={2019},
  publisher={Cambridge University Press}
}

@article{liu2024practical,
  title={A practical guide to counterfactual estimators for causal inference with time-series cross-sectional data},
  author={Liu, Licheng and Wang, Ye and Xu, Yiqing},
  journal={American Journal of Political Science},
  volume={68},
  number={1},
  pages={160--176},
  year={2024},
  publisher={Wiley Online Library}
}

@article{rambachan2023more,
  title={A more credible approach to parallel trends},
  author={Rambachan, Ashesh and Roth, Jonathan},
  journal={Review of Economic Studies},
  volume={90},
  number={5},
  pages={2555--2591},
  year={2023},
  publisher={Oxford University Press US}
}

@article{imai2023matching,
  title={Matching methods for causal inference with time-series cross-sectional data},
  author={Imai, Kosuke and Kim, In Song and Wang, Erik H},
  journal={American Journal of Political Science},
  volume={67},
  number={3},
  pages={587--605},
  year={2023},
  publisher={Wiley Online Library}
}


@article{de2024difference,
  title={Difference-in-differences estimators of intertemporal treatment effects},
  author={De Chaisemartin, Cl{\'e}ment and d'Haultfoeuille, Xavier},
  journal={Review of Economics and Statistics},
  pages={1--45},
  year={2024},
  publisher={MIT Press One Rogers Street, Cambridge, MA 02142-1209, USA journals-info~…}
}

@article{bechtel2011lasting,
  title={How lasting is voter gratitude? An analysis of the short-and long-term electoral returns to beneficial policy},
  author={Bechtel, Michael M and Hainmueller, Jens},
  journal={American journal of political science},
  volume={55},
  number={4},
  pages={852--868},
  year={2011},
  publisher={Wiley Online Library}
}

@article{sun2021estimating,
  title={Estimating dynamic treatment effects in event studies with heterogeneous treatment effects},
  author={Sun, Liyang and Abraham, Sarah},
  journal={Journal of econometrics},
  volume={225},
  number={2},
  pages={175--199},
  year={2021},
  publisher={Elsevier}
}

@article{dechaisemartin2020two,
  title={Two-way fixed effects estimators with heterogeneous treatment effects},
  author={De Chaisemartin, Cl{\'e}ment and d’Haultfoeuille, Xavier},
  journal={American economic review},
  volume={110},
  number={9},
  pages={2964--2996},
  year={2020},
  publisher={American Economic Association 2014 Broadway, Suite 305, Nashville, TN 37203}
}

@article{cengiz2019effect,
  title={The effect of minimum wages on low-wage jobs},
  author={Cengiz, Doruk and Dube, Arindrajit and Lindner, Attila and Zipperer, Ben},
  journal={The Quarterly Journal of Economics},
  volume={134},
  number={3},
  pages={1405--1454},
  year={2019},
  publisher={Oxford Academic}
}

@techreport{dube2023local,
  title={A local projections approach to difference-in-differences event studies},
  author={Dube, Arindrajit and Girardi, Daniele and Jorda, Oscar and Taylor, Alan M},
  year={2023},
  institution={National Bureau of Economic Research Cambridge, Massachusetts}
}

@article{chiu2023and,
  title={What to do (and not to do) with causal panel analysis under parallel trends: Lessons from a large reanalysis study},
  author={Chiu, Albert and Lan, Xingchen and Liu, Ziyi and Xu, Yiqing},
  journal={arXiv preprint arXiv:2309.15983},
  year={2023}
}

@misc{robins2000marginal,
  title={Marginal structural models and causal inference in epidemiology},
  author={Robins, James M and Hernan, Miguel Angel and Brumback, Babette},
  journal={Epidemiology},
  volume={11},
  number={5},
  pages={550--560},
  year={2000},
  publisher={Lww}
}

@article{blackwell2018make,
  title={How to make causal inferences with time-series cross-sectional data under selection on observables},
  author={Blackwell, Matthew and Glynn, Adam N},
  journal={American Political Science Review},
  volume={112},
  number={4},
  pages={1067--1082},
  year={2018},
  publisher={Cambridge University Press}
}

% SYNTH

@article{abadie2021using,
  title={Using synthetic controls: Feasibility, data requirements, and methodological aspects},
  author={Abadie, Alberto},
  journal={Journal of economic literature},
  volume={59},
  number={2},
  pages={391--425},
  year={2021},
  publisher={American Economic Association 2014 Broadway, Suite 305, Nashville, TN 37203-2425}
}

@article{xu2017generalized,
  title={Generalized synthetic control method: Causal inference with interactive fixed effects models},
  author={Xu, Yiqing},
  journal={Political Analysis},
  volume={25},
  number={1},
  pages={57--76},
  year={2017},
  publisher={Cambridge University Press}
}

@article{ben2022synthetic,
  title={Synthetic controls with staggered adoption},
  author={Ben-Michael, Eli and Feller, Avi and Rothstein, Jesse},
  journal={Journal of the Royal Statistical Society Series B: Statistical Methodology},
  volume={84},
  number={2},
  pages={351--381},
  year={2022},
  publisher={Oxford University Press}
}

@article{arkhangelsky2021synthetic,
  title={Synthetic difference-in-differences},
  author={Arkhangelsky, Dmitry and Athey, Susan and Hirshberg, David A and Imbens, Guido W and Wager, Stefan},
  journal={American Economic Review},
  volume={111},
  number={12},
  pages={4088--4118},
  year={2021},
  publisher={American Economic Association 2014 Broadway, Suite 305, Nashville, TN 37203}
}

@techreport{doudchenko2016balancing,
  title={Balancing, regression, difference-in-differences and synthetic control methods: A synthesis},
  author={Doudchenko, Nikolay and Imbens, Guido W},
  year={2016},
  institution={National Bureau of Economic Research}
}

@article{bottmer2024design,
  title={A design-based perspective on synthetic control methods},
  author={Bottmer, Lea and Imbens, Guido W and Spiess, Jann and Warnick, Merrill},
  journal={Journal of Business \& Economic Statistics},
  volume={42},
  number={2},
  pages={762--773},
  year={2024},
  publisher={Taylor \& Francis}
}

@article{abadie2015comparative,
  title={Comparative politics and the synthetic control method},
  author={Abadie, Alberto and Diamond, Alexis and Hainmueller, Jens},
  journal={American Journal of Political Science},
  volume={59},
  number={2},
  pages={495--510},
  year={2015},
  publisher={Wiley Online Library}
}

@article{robins1986new,
  title={A new approach to causal inference in mortality studies with a sustained exposure period—application to control of the healthy worker survivor effect},
  author={Robins, James},
  journal={Mathematical modelling},
  volume={7},
  number={9-12},
  pages={1393--1512},
  year={1986},
  publisher={Elsevier}
}

@article{chernozhukov2021exact,
  title={An exact and robust conformal inference method for counterfactual and synthetic controls},
  author={Chernozhukov, Victor and W{\"u}thrich, Kaspar and Zhu, Yinchu},
  journal={Journal of the American Statistical Association},
  volume={116},
  number={536},
  pages={1849--1864},
  year={2021},
  publisher={Taylor \& Francis}
}

% RDD

@article{lee2008randomized,
  title={Randomized experiments from non-random selection in US House elections},
  author={Lee, David S},
  journal={Journal of Econometrics},
  volume={142},
  number={2},
  pages={675--697},
  year={2008},
  publisher={Elsevier}
}

@article{thistlethwaite1960regression,
  title={Regression-discontinuity analysis: An alternative to the ex post facto experiment.},
  author={Thistlethwaite, Donald L and Campbell, Donald T},
  journal={Journal of Educational psychology},
  volume={51},
  number={6},
  pages={309},
  year={1960},
  publisher={American Psychological Association}
}

@article{cattaneo2022regression,
  title={Regression discontinuity designs},
  author={Cattaneo, Matias D and Titiunik, Rocio},
  journal={Annual Review of Economics},
  volume={14},
  number={1},
  pages={821--851},
  year={2022},
  publisher={Annual Reviews}
}

@article{imbens2012optimal,
  title={Optimal bandwidth choice for the regression discontinuity estimator},
  author={Imbens, Guido and Kalyanaraman, Karthik},
  journal={The Review of economic studies},
  volume={79},
  number={3},
  pages={933--959},
  year={2012},
  publisher={Oxford University Press}
}

@article{calonico2014robust,
  title={Robust nonparametric confidence intervals for regression-discontinuity designs},
  author={Calonico, Sebastian and Cattaneo, Matias D and Titiunik, Rocio},
  journal={Econometrica},
  volume={82},
  number={6},
  pages={2295--2326},
  year={2014},
  publisher={Wiley Online Library}
}

@article{cattaneo2017choice,
  title={The choice of neighborhood in regression discontinuity designs},
  author={Cattaneo, Matias D and Vazquez-Bare, Gonzalo},
  journal={Observational Studies},
  volume={3},
  number={2},
  pages={134--146},
  year={2017},
  publisher={University of Pennsylvania Press}
}

@article{calonico2019regression,
  title={Regression discontinuity designs using covariates},
  author={Calonico, Sebastian and Cattaneo, Matias D and Farrell, Max H and Titiunik, Rocio},
  journal={Review of Economics and Statistics},
  volume={101},
  number={3},
  pages={442--451},
  year={2019},
  publisher={MIT Press One Rogers Street, Cambridge, MA 02142-1209, USA journals-info~…}
}

@article{de2016misunderstandings,
  title={Misunderstandings about the regression discontinuity design in the study of close elections},
  author={De la Cuesta, Brandon and Imai, Kosuke},
  journal={Annual Review of Political Science},
  volume={19},
  number={1},
  pages={375--396},
  year={2016},
  publisher={Annual Reviews}
}

@article{cattaneo2015randomization,
  title={Randomization inference in the regression discontinuity design: An application to party advantages in the US Senate},
  author={Cattaneo, Matias D and Frandsen, Brigham R and Titiunik, Rocio},
  journal={Journal of Causal Inference},
  volume={3},
  number={1},
  pages={1--24},
  year={2015},
  publisher={De Gruyter}
}

@article{caughey2011elections,
  title={Elections and the regression discontinuity design: Lessons from close US house races, 1942--2008},
  author={Caughey, Devin and Sekhon, Jasjeet S},
  journal={Political Analysis},
  volume={19},
  number={4},
  pages={385--408},
  year={2011},
  publisher={Cambridge University Press}
}

@article{eggers2015validity,
  title={On the validity of the regression discontinuity design for estimating electoral effects: New evidence from over 40,000 close races},
  author={Eggers, Andrew C and Fowler, Anthony and Hainmueller, Jens and Hall, Andrew B and Snyder Jr, James M},
  journal={American Journal of Political Science},
  volume={59},
  number={1},
  pages={259--274},
  year={2015},
  publisher={Wiley Online Library}
}

@article{stommes2023reliability,
  title={On the reliability of published findings using the regression discontinuity design in political science},
  author={Stommes, Drew and Aronow, PM and S{\"a}vje, Fredrik},
  journal={Research \& Politics},
  volume={10},
  number={2},
  pages={20531680231166457},
  year={2023},
  publisher={SAGE Publications Sage UK: London, England}
}

@article{chen2013evidence,
  title={Evidence on the impact of sustained exposure to air pollution on life expectancy from China’s Huai River policy},
  author={Chen, Yuyu and Ebenstein, Avraham and Greenstone, Michael and Li, Hongbin},
  journal={Proceedings of the National Academy of Sciences},
  volume={110},
  number={32},
  pages={12936--12941},
  year={2013},
  publisher={National Academy of Sciences}
}

@article{chen2013evidence,
  title={Evidence on the impact of sustained exposure to air pollution on life expectancy from China’s Huai River policy},
  author={Chen, Yuyu and Ebenstein, Avraham and Greenstone, Michael and Li, Hongbin},
  journal={Proceedings of the National Academy of Sciences},
  volume={110},
  number={32},
  pages={12936--12941},
  year={2013},
  publisher={National Academy of Sciences}
}

@article{ebenstein2017new,
  title={New evidence on the impact of sustained exposure to air pollution on life expectancy from China’s Huai River Policy},
  author={Ebenstein, Avraham and Fan, Maoyong and Greenstone, Michael and He, Guojun and Zhou, Maigeng},
  journal={Proceedings of the National Academy of Sciences},
  volume={114},
  number={39},
  pages={10384--10389},
  year={2017},
  publisher={National Academy of Sciences}
}

@article{mccrary2008manipulation,
  title={Manipulation of the running variable in the regression discontinuity design: A density test},
  author={McCrary, Justin},
  journal={Journal of econometrics},
  volume={142},
  number={2},
  pages={698--714},
  year={2008},
  publisher={Elsevier}
}

@article{angrist1999using,
  title={Using Maimonides' rule to estimate the effect of class size on scholastic achievement},
  author={Angrist, Joshua D and Lavy, Victor},
  journal={The Quarterly journal of economics},
  volume={114},
  number={2},
  pages={533--575},
  year={1999},
  publisher={MIT Press}
}

@article{angrist2015wanna,
  title={Wanna get away? Regression discontinuity estimation of exam school effects away from the cutoff},
  author={Angrist, Joshua D and Rokkanen, Miikka},
  journal={Journal of the American Statistical Association},
  volume={110},
  number={512},
  pages={1331--1344},
  year={2015},
  publisher={Taylor \& Francis}
}

@article{bertanha2020external,
  title={External validity in fuzzy regression discontinuity designs},
  author={Bertanha, Marinho and Imbens, Guido W},
  journal={Journal of Business \& Economic Statistics},
  volume={38},
  number={3},
  pages={593--612},
  year={2020},
  publisher={Taylor \& Francis}
}

@article{cattaneo2016interpreting,
  title={Interpreting regression discontinuity designs with multiple cutoffs},
  author={Cattaneo, Matias D and Titiunik, Roc{\'\i}o and Vazquez-Bare, Gonzalo and Keele, Luke},
  journal={The Journal of Politics},
  volume={78},
  number={4},
  pages={1229--1248},
  year={2016},
  publisher={University of Chicago Press Chicago, IL}
}

@article{keele2015geographic,
  title={Geographic boundaries as regression discontinuities},
  author={Keele, Luke J and Titiunik, Rocio},
  journal={Political Analysis},
  volume={23},
  number={1},
  pages={127--155},
  year={2015},
  publisher={Cambridge University Press}
}

@article{landais2015assessing,
  title={Assessing the welfare effects of unemployment benefits using the regression kink design},
  author={Landais, Camille},
  journal={American Economic Journal: Economic Policy},
  volume={7},
  number={4},
  pages={243--278},
  year={2015},
  publisher={American Economic Association 2014 Broadway, Suite 305, Nashville, TN 37203-2425}
}

@incollection{card2017regression,
  title={Regression kink design: Theory and practice},
  author={Card, David and Lee, David S and Pei, Zhuan and Weber, Andrea},
  booktitle={Regression discontinuity designs: Theory and applications},
  pages={341--382},
  year={2017},
  publisher={Emerald Publishing Limited}
}